@Unpublished{weka,
author = { },
title = {http://www.cs.waikato.ac.nz/~ml/weka/}
}

@Unpublished{eurostat
	author = {},
	title = {https://ec.europa.eu/eurostat/statistics-explained/index.php?title=E-commerce_statistics_for_individuals}
}

@Unpublished{dataset,
author = { },
title = {https://www.kaggle.com/datasets/mashlyn/online-retail-ii-uci}
}

https://archive.ics.uci.edu/dataset/352/online+retail

@Unpublished{dataset2,
author = { },
title = {https://archive.ics.uci.edu/dataset/352/online+retail}
}
